@article{mell2009nist,
  title={The {NIST} definition of cloud computing},
  author={P. Mell and T. Grance},
  journal={National Institute of Standards and Technology},
  volume={53},
  number={6},
  pages={50},
  year={2009}
}

@article{dubey2007delivering,
  title={{Delivering software as a service}},
  author={A. Dubey and D. Wagle},
  journal={The McKinsey Quarterly},
  volume={6},
  number={},
  pages={1--7},
  year={2007}
}

@article{beimborn2011platform,
  title={{Platform as a Service ({PaaS})}},
  author={D. Beimborn and T. Miletzki and D. I. S. Wenzel},
  journal={Wirtschaftsinformatik},
  volume={53},
  number={6},
  pages={371--375},
  year={2011}
}

@article{bhardwaj2010cloud,
  title={Cloud Computing: A Study of Infrastructure as a Service ({IAAS})},
  author={S. Bhardwaj and L. Jain and S. Jain},
  journal={International Journal of Engineering and Information Technology},
  volume={2},
  number={1},
  pages={60--63},
  year={2010}
}

@inproceedings{curino2011relational,
  title={{Relational Cloud: A Database-as-a-Service for the Cloud}},
  author={C. Curino and E. Jones and R. Popa and N. Malviya and E. Wu and S. Madden and H. Balakrishnan and N. Zeldovich},
  booktitle = {Proc. of the 5th Biennial Conference on Innovative Data Systems Research},
  pages = {235--240},
  address = {Asilomar, CA, USA},
  year={2011}
}

@book{Elmasri:2016,
 author = {R. A. Elmasri and S. B. Navathe},
 title = {Fundamentals of Database Systems},
 year = {2016},
 edition = {7th},
 publisher = {Pearson},
} 

@STRING{IJGDC = "International Journal of Grid and Distributed Computing"}

@ARTICLE{Al-Roomi13,
    author = {M. Al-Roomi and S. Al-Ebrahim and S. Buqrais and I. Ahmad},
    title = {Cloud Computing Pricing Models: A Survey},
    journal = {International Journal of Grid and Distributed Computing},
    volume = {6},
    number = {5},
    pages = {93-106},
    year = {2013},
    doi = {http://dx.doi.org/10.14257/ijgdc.2013.6.5.09},
}
    
@article{Chang06bigtable:a,
  title={{Bigtable: A Distributed Storage System for Structured Data}},
  author={F. Chang and J. Dean and S. Ghemawat and W. C. Hsieh and D. A. Wallach and M. Burrows and T. Chandra and A. Fikes and R. E. Gruber},
  journal={ACM Transactions on Computer Systems},
  volume={26},
  number={2},
  pages={4:1-4:14},
  year={2008}
}

@article{Abadi09,
    author = {D. J. Abadi},
    title = {{Data Management in the Cloud: Limitation and Opportunities}},
    journal={IEEE Data Engineering Bulletin},
    volume={32},
    pages={3-12},
    year = {2009}
}

@article{abadi2012consistency,
  title={{Consistency Tradeoffs in Modern Distributed Database System Design: {CAP} is Only Part of the Story}},
  author={D. J. Abadi},
  journal={Computer},
  volume={45},
  number={2},
  pages={37--42},
  year={2012}
}

@incollection{bermbach2013consistency,
  title={{Consistency in Distributed Storage Systems: An Overview of Models, Metrics and Measurement Approaches}},
  author={D. Bermbach and J. Kuhlenkamp},
  booktitle={Proc. of the First International Conference on Networked Systems},
  address={Marrakech, Morocco},
  pages={175--189},
  year={2013}
}

@article{bailis2012,
  title={Probabilistically Bounded Staleness for Practical Partial Quorums},
  author={P. Bailis and S. Venkataraman and M. J. Franklin and J. M. Hellerstein and I. Stoica},
  journal={Proc. of the VLDB Endowment},
  volume={5},
  number={8},
  pages={776--787},
  year={2012}
}

@article{decandia2007dynamo,
  title={{Dynamo: Amazon's Highly Available Key-value Store}},
  author={G. DeCandia and D. Hastorun and M. Jampani and G. Kakulapati and A. Lakshman and A. Pilchin and S. Sivasubramanian and P. Vosshall and W. Vogels},
  journal={ACM SIGOPS Oper. Syst. Rev.},
  volume={41},
  number={6},
  pages={205--220},
  year={2007}
}

@article{Ghemawat2003Google,
  title={{The {G}oogle File System}},
  author={S. Ghemawat and H. Gobioff and S. Leung},
  journal={ACM SIGOPS Operating Systems Review},
  volume={37},
  number={5},
  pages={29--43},
  year={2003}
}

@article{lakshman2010cassandra,
  title={Cassandra: A Decentralized Structured Storage System},
  author={A. Lakshman and P. Malik},
  journal={ACM SIGOPS Operating Systems Review},
  volume={44},
  number={2},
  pages={35--40},
  year={2010}
}

@book{mahajan2011consistency,
  title={Consistency, Availability, and Convergence},
  author={P. Mahajan and L. Alvisi and M. Dahlin},
  publisher={Tecnical Report UTCS TR-11-22, Department of Computer Science, The University of Texas at Austin},
  year={2011}
}

@book{lipton1988pram,
  title={{{PRAM}: A Scalable Shared Memory}},
  author={R. J. Lipton and J. S. Sandberg},
  year={1988},
  publisher={Tecnical Report TR-180-88, Department of Computer Science, Princeton University}
}

@article{bailis2013highly,
	title={Highly available transactions: Virtues and limitations},
	author={P. Bailis and A. Davidson and A. Fekete and A. Ghodsi and J. M. Hellerstein and I. Stoica},
	journal={Proc. of the VLDB Endowment},
	volume={7},
	number={3},
	pages={181--192},
	year={2013}
}

@book{herlihy2011art,
	title={The art of multiprocessor programming},
	author={M. Herlihy and N. Shavit},
	year={2011},
	publisher={Morgan Kaufmann}
}

@article{cooper2008pnuts,
  title={{{PNUTS}: {Y}ahoo!'s Hosted Data Serving Platform}},
  author={B. F. Cooper and R. Ramakrishnan and U. Srivastava and A. Silberstein and P. Bohannon and H. Jacobsen and N. Puz and D. Weaver and R. Yerneni},
  journal={Proc. of the VLDB Endowment},
  volume={1},
  number={2},
  pages={1277--1288},
  year={2008}
}

@BOOK{andersonCouchDB2010,
	AUTHOR = {J. C. Anderson and J. Lehnardt and N. Slater},
	TITLE = {Couch{DB} - The Definitive Guide: Time to Relax},
	PUBLISHER = {O'Reilly},
	ADDRESS = {Sebastopol, California},
	YEAR = {2010}	
   }

@STRING{j-jucs = "Journal of Universal Computer Science"}

@ARTICLE{Arrieta-Salinas2014,
  author =     {I. Arrieta-Salinas and J. E. Armendáriz-Iñigo and J. Navarro},
  title =      {Epidemia: Variable Consistency for Transactional Cloud Databases},
  journal =    {JUCS},
  year =       {2014},
  volume =     {20},
  number =     {14},
  pages =      {1876-1902},
  month =      {December} 
  }
  
@ARTICLE{Aye2012,
  author =     {Y. N. Aye},
  title =      {Data Consistency on Private Cloud Storage},
  journal =    {IJETTCS},
  year =       {2012},
  volume =     {1},
  number =     {1},
  pages =      {101-105}
 }
 
@ARTICLE{BailisGhodsi13cacm,
  author = {P. Bailis and A. Ghodsi},
  doi = {10.1145/2447976.2447992},
  journal = {Comm. of the ACM},
  month = {May},
  number = {5},
  pages = {55-63},
  title = {Eventual Consistency Today: Limitations, Extensions, and Beyond},
  volume = {56},
  year = {2013}
}

@article{BrandenburgerCK15,
  author = {M. Brandenburger and C. Cachin and N. Knezevic},
  title = {{Don't Trust the Cloud, Verify: Integrity and Consistency for Cloud Object Stores}},
  journal={ACM Transactions on Privacy and Security},
  pages     = {16:1--16:11},
  volume    = 20,
  issue     = 3,
  year      = {2015}
}

@inproceedings{Brewer2000,
  author = {E. A. Brewer},
  booktitle = {Proc. of the 19th Annual ACM Symposium on Principles of Distributed Computing},
  title = {Towards Robust Distributed Systems},
  url = {http://www.cs.berkeley.edu/~brewer/cs262b-2004/PODC-keynote.pdf},
 pages = {7-14},
 address = {Portland, Oregon, USA},
  year = 2000
}

@book{Coulouris:2011,
 author = {G. Coulouris and J. Dollimore and T. Kindberg and G. Blair},
 title = {Distributed Systems: Concepts and Design},
 year = {2011},
 isbn = {0132143011, 9780132143011},
 edition = {5th},
 publisher = {Addison-Wesley Publishing Company},
 address = {USA},
} 

@article{Corbett:2013,
 author = {J. C. Corbett and J. Dean and M. Epstein et al.},
 title = {{Spanner: {G}oogle's Globally Distributed Database}} ,
 journal = {ACM Trans. Comput. Syst.},
 volume = {31},
 number = {3},
 year = {2013},
 pages = {8:1--8:22},
 doi = {10.1145/2491245},
 publisher = {ACM},
 address = {New York, NY, USA}
} 

@article{Chen:2014,
  title={Scalable service-oriented replication with flexible consistency guarantee in the cloud},
  author={T. Chen and R. Bahsoon and A. H. Tawil},
  journal={Information Sciences},
  volume={264},
  pages={349--370},
  year={2014}
}

@inproceedings{chihoub2012harmony,
  title={{Harmony: Towards Automated Self-adaptive Consistency in Cloud Storage}},
  author={H. Chihoub and S. Ibrahim and G. Antoniu and M. S. Perez},
  booktitle={Proc. of the 2012 IEEE International Conference on Cluster Computing},
  address={Beijing, China},
  pages={293--301},
  year={2012}
}

@inproceedings{esteves2012quality,
  title={Quality-of-service for Consistency of Data Geo-replication in Cloud Computing},
  author={S. Esteves and J. Silva and L. Veiga},
  booktitle={Proc. of the 18th European Conference on Parallel Processing},
  pages={285--297},
  address={Rhodes Island, Greece},
  year={2012}
}

@article{ju2011survey,
  title={{A Survey on Cloud Storage}},
  author={J. Ju and J. Wu and J. Fu and Z. Lin and J. Zhang},
  journal={Journal of Computers},
  volume={6},
  number={8},
  pages={1764--1771},
  year={2011}
}

@inproceedings{rimal2009taxonomy,
  title={{A Taxonomy and Survey of Cloud Computing Systems}},
  author={B. P. Rimal and E. Choi and I. Lumb},
  booktitle={Proc. of the 2009 Fifth International Joint Conference on INC, IMS and IDC},
  address={Seoul, Korea},
  pages={44--51},
  year={2009}
}

@TECHREPORT{Chihoub2013,
    author = {H. Chihoub and S. Ibrahim and G. Antoniu and M. S. Pérez},
    title = {Consistency Management in Cloud Storage Systems},
    institution = {INRIA Rennes - Bretagne Atlantique},
    year = {2013}
}

@incollection{goel2007data,
  title={Data replication strategies in wide-area distributed systems},
  author={S. Goel and R. Buyya},
  booktitle={Enterprise service computing: from concept to deployment},
  pages={211--241},
  year={2007}
}

@inproceedings{Du2013,
  author    = {J. Du and S. Elnikety and W. Zwaenepoel},
  title     = {{{Clock-SI}: Snapshot Isolation for Partitioned Data Stores Using Loosely Synchronized Clocks}},
  booktitle = {Proc. of the {IEEE} 32nd International Symposium on Reliable Distributed Systems},
  pages     = {173-184},
  address = {Braga, Portugal},
  year      = {2013},
  url       = {http://dx.doi.org/10.1109/SRDS.2013.26},
  doi       = {10.1109/SRDS.2013.26}
}

@article{Elbushra:2014,
 author = {M. M. Elbushra and J. Lindström},
 title = {{Eventual Consistent Databases: State of the art}},
 journal = {Open Journal of Databases},
 volume = {1},
 number = {1},
 year = {2014},
 pages = {26-41}
} 

@article{Elgedawy13,
  author    = {I. Elgedawy},
  title     = {{{DCaaS}: Data Consistency as a Service for Managing Data Uncertainty on the Clouds}},
  journal   = {IJACSA},
  volume    = {4},
  number 	= {5},
  year      = {2013},
  pages  	= {59-68}
}

@article{Gilbert:2002,
 author = {S. Gilbert and N. Lynch},
 title = {Brewer's Conjecture and the Feasibility of Consistent, Available, Partition-tolerant Web Services},
 journal = {SIGACT News},
 volume = {33},
 number = {2},
 year = {2002},
 issn = {0163-5700},
 pages = {51-59},
 publisher = {ACM}
} 

@inproceedings{Ibrahim12,
  author = {S. Ibrahim and H. Jin and L. Lu and B. He and G. Antoniu and S. Wu},
  booktitle = {Proc. of the 12th IEEE/ACM International Symposium on Cluster, Cloud and Grid Computing},
  pages = {435-442},
  address = {Ottawa, Canada},
  title = {{Maestro: Replica-Aware Map Scheduling for {M}ap{R}educe}},
  year = {2012}
}

@article{MathBiradar:2013,
 author = {N. R. Math and V. Biradar},
 title = {{Consistency as a Service: Maintaining Cloud Consistency Using Auditing}},
 journal = {International Journal of Innovative Science Engineering and Technology},
 volume = {2},
 number = {6},
 month = {August},
 year = {2015},
 pages = {577-588}
} 

@article{liu2014consistency,
  title={{Consistency as a Service: Auditing Cloud Consistency}},
  author={Q. Liu and G. Wang and J. Wu},
  journal={IEEE Transactions on Network and Service Management},
  volume={11},
  number={1},
  pages={25--35},
  year={2014}
}

@article{MukundanML12,
  author = {R. Mukundan and S. Madria and M. Linderman},
  journal = {IEEE Data Eng. Bull.},
  number = {4},
  pages = {55-64},
  title = {Replicated Data Integrity Verification in Cloud},
  volume = {35},
  year = {2012}
}

@book{OzsuValduriez:2011,
  title={{Principles of Distributed Database Systems}},
  author={M. T. {\"{O}}zsu and P. Valduriez},
  year={2011},
  publisher={Springer Science \& Business Media}
}

@article{PhansalkarDaniL15,
  author = {S. P. Phansalkar and A. R. Dani},
  journal = {Journal of Cloud Computing: Advances, Systems and Applications},
  number = {13},
  title = {Tunable consistency guarantees of selective data consistency model},
  volume = {4},
  year = {2015},
  doi  = {10.1186/s13677-015-0038-4}
}

@book{RahimiHaug:2010,
 author = {S. K. Rahimi and F. S. Haug},
 title = {Distributed Database Management Systems: A Practical Approach},
 year = {2010},
 edition = {1st},
 isbn = {978-0-470-40745-5},
 publisher = {Wiley-IEEE Computer Society},
 address = {USA}
} 

@book{tanenbaum:2007,
  title={{Distributed Systems: Principles and Paradigms}},
  author={A. S. Tanenbaum and M. V. Steen},
  year={2007},
  publisher={Prentice-Hall}
}

@inproceedings{Terry:2013,
 author = {D. B. Terry and V. Prabhakaran and R. Kotla et al.},
 title = {{Consistency-based Service Level Agreements for Cloud Storage}},
 booktitle = {Proc. of the Twenty-Fourth ACM Symposium on Operating Systems Principles},
 year = {2013},
 isbn = {978-1-4503-2388-8},
 location = {Farminton, Pennsylvania},
 address = {New York, NY, USA},
 pages = {309-324},
 doi = {10.1145/2517349.2522731},
} 

@article{Vogels:2009,
 author = {W. Vogels},
 title = {Eventually Consistent},
 journal = {Comm. of ACM},
 volume = {52},
 number = {1},
 year = {2009},
 issn = {0001-0782},
 pages = {40-44},
 doi = {10.1145/1435417.1435432},
 acmid = {1435432},
 publisher = {ACM},
 address = {New York, NY, USA},
} 

@inproceedings{Wei:2009,
 author = {Z. Wei and G. Pierre and C. Chi-Hung},
 title = {{Scalable Transactions for Web Applications in the Cloud}},
 booktitle = {Proc. of the 15th International Euro-Par Conference on Parallel Processing},
 year = {2009},
 address = {Delft, The Netherlands},
 pages = {442-453}
} 

@inproceedings{Xiong:2011,
 author = {P. Xiong and Y. Chi and S. Zhu et al.},
 title = {{Intelligent Management of Virtualized Resources for Database Systems in Cloud Environment}},
 booktitle = {{Proc. of the IEEE 27th International Conference on Data Engineering}},
 year = {2011},
 pages = {87-98},
 doi = {10.1109/ICDE.2011.5767928},
 acmid = {2005598},
 address = {Washington, DC, USA}
} 

@article{ZhouCRW14,
  author    = {Z. Zhou and S. Chen and T. Ren and T. Wu},
  title     = {File heat-based Self-adaptive Replica Consistency Strategy for Cloud
               Storage},
  journal   = {JCP},
  volume    = {9},
  number    = {8},
  pages     = {1928-1933},
  year      = {2014},
  doi       = {10.4304/jcp.9.8.1928-1933}
}

@article{lamport1978time,
  title={Time, clocks, and the ordering of events in a distributed system},
  author={L. Lamport},
  journal={Comm. of the ACM},
  volume={21},
  number={7},
  pages={558--565},
  year={1978}
}

@article{fidge1991logical,
  title={Logical time in distributed computing systems},
  author={C. Fidge},
  journal={Computer},
  volume={24},
  number={8},
  pages={28--33},
  year={1991}
}

@article{fidge1987timestamps,
  title={Timestamps in message-passing systems that preserve the partial ordering},
  author={Fidge, Colin J},
  year={1987},
  publisher={Australian National University. Department of Computer Science}
}

@article{mattern1989virtual,
  title={{Virtual Time and Global States of Distributed Systems}},
  author={F. Mattern},
  journal={Parallel and Distributed Algorithms},
  volume={1},
  number={23},
  pages={215--226},
  year={1989}
}

@inproceedings{agrawal2011database,
  title={{Database Scalability, Elasticity, and Autonomy in the Cloud}},
  author={D. Agrawal and A. E. Abbadi and S. Das and A. J. Elmore},
  booktitle={Proc. of the International Conference on Database Systems for Advanced Applications},
  pages={2--15},
  address={Hong Kong, China},
  year={2011}
}

@inproceedings{balegas2015putting,
  title={{Putting Consistency Back into Eventual Consistency}},
  author={V. Balegas and S. Duarte and C. Ferreira and R. Rodrigues and N. Pregui{\c{c}}a and M. Najafzadeh and M. Shapiro},
  booktitle={Proc. of the Tenth European Conference on Computer Systems},
  address={Bordeaux, France},
  pages={6:1--6:16},
  year={2015}
}

@inproceedings{sivasubramanian2012amazon,
  title={{Amazon {DynamoDB}: A Seamlessly Scalable Non-relational Database Service}},
  author={S. Sivasubramanian},
  booktitle={{Proc. of the 2012 ACM SIGMOD International Conference on Management of Data}},
  pages={729--730},
  year={2012},
  address={Scottsdale, Arizona, USA}
}

@inproceedings{ateniese2007provable,
  title={{Provable Data Possession at Untrusted Stores}},
  author={G. Ateniese and R. Burns and R. Curtmola and J. Herring and L. Kissner and Z. Peterson and D. Song},
  booktitle={Proc. of the 14th ACM Conference on Computer and Communications Security},
  ADDRESS = {Alexandria, VA, USA},
  pages={598--609},
  year={2007}
}

@inproceedings{brzezinski2004session,
	title={{From Session Causality to Causal Consistency.}},
	author={J. Brzezinski and C. Sobaniec and D. Wawrzyniak},
	booktitle={Proc. of the 12th Conference on Parallel, Distributed and Network-Based Processing},
	ADDRESS = {Coruña, Spain},
	pages={152--158},
	year={2004}
}

@article{gilbert2012perspectives,
	title={Perspectives on the {CAP} Theorem},
	author={S. Gilbert and N. Lynch},
	journal={Computer},
	volume={45},
	number={2},
	pages={30--36},
	year={2012}
}

@inproceedings{sosp1997base,
 author = {Fox, Ar. and Gribble, S. D. and Chawathe, Y. and Brewer, E. A. and Gauthier, P.},
 title = {Cluster-based Scalable Network Services},
 booktitle = {Proc. of the 16th ACM Symposium on Operating Systems Principles},
 series = {SOSP '97},
 year = {1997},
 location = {Saint Malo, France},
 pages = {78--91},
 numpages = {14},
 url = {http://doi.acm.org/10.1145/268998.266662},
 doi = {10.1145/268998.266662},
 acmid = {266662},
 publisher = {ACM},
 address = {New York, NY, USA},
} 

@book{bauer2012reliability,
  title={Reliability and Availability of Cloud Computing},
  author={E. Bauer and R. Adams},
  year={2012},
  publisher={John Wiley \& Sons}
}

@inproceedings{gray1978dbos,
 author = {Gray, Jim},
 title = {Notes on Data Base Operating Systems},
 booktitle = {Operating Systems, An Advanced Course},
 year = {1978},
 isbn = {3-540-08755-9},
 pages = {393--481},
 numpages = {89},
 url = {http://dl.acm.org/citation.cfm?id=647433.723863},
 acmid = {723863},
 publisher = {Springer-Verlag},
 address = {London, UK, UK},
} 

@article{acid1983,
 author = {Haerder, Theo and Reuter, Andreas},
 title = {Principles of Transaction-oriented Database Recovery},
 journal = {ACM Comput. Surv.},
 issue_date = {December 1983},
 volume = {15},
 number = {4},
 month = dec,
 year = {1983},
 issn = {0360-0300},
 pages = {287--317},
 numpages = {31},
 url = {http://doi.acm.org/10.1145/289.291},
 doi = {10.1145/289.291},
 acmid = {291},
 publisher = {ACM},
 address = {New York, NY, USA},
} 

@article{brewer2012,
author = {Eric Brewer},
title = {CAP Twelve Years Later: How the "Rules" Have Changed},
journal = {Computer},
volume = {45},
number = {},
issn = {0018-9162},
year = {2012},
pages = {23-29},
doi = {doi.ieeecomputersociety.org/10.1109/MC.2012.37},
publisher = {IEEE Computer Society},
address = {Los Alamitos, CA, USA},
}